<record><leader>00000cas a22000007a 4500</leader><controlfield tag="001">28706857</controlfield><controlfield tag="008">930827d18uu1uuuohuwr ne      0    0eng d</controlfield><datafield ind1=" " ind2=" " tag="010"><subfield code="a">sn 93052631 </subfield></datafield><datafield ind1=" " ind2=" " tag="040"><subfield code="a">CNK</subfield><subfield code="b">eng</subfield><subfield code="c">CNK</subfield><subfield code="d">OCLCQ</subfield></datafield><datafield ind1=" " ind2=" " tag="042"><subfield code="a">msc</subfield></datafield><datafield ind1="0" ind2=" " tag="130"><subfield code="a">Hillsborough gazette (Hillsborough, Ohio : 1830)</subfield></datafield><datafield ind1="1" ind2="0" tag="245"><subfield code="a">Hillsborough gazette.</subfield></datafield><datafield ind1=" " ind2=" " tag="260"><subfield code="a">Hillsborough, Ohio :</subfield><subfield code="b">M.H. &amp; J. Kirby</subfield></datafield><datafield ind1=" " ind2=" " tag="300"><subfield code="a">v.</subfield></datafield><datafield ind1=" " ind2=" " tag="310"><subfield code="a">Weekly</subfield></datafield><datafield ind1=" " ind2=" " tag="588"><subfield code="a">Description based on: Vol. 13, no. 5 (Sept. 4, 1830) = Whole no. 656.</subfield></datafield><datafield ind1=" " ind2=" " tag="752"><subfield code="a">United States</subfield><subfield code="b">Ohio</subfield><subfield code="c">Highland</subfield><subfield code="d">Hillsboro.</subfield></datafield></record>